<?xml version="1.0" encoding="UTF-8"?>
<zs:searchRetrieveResponse xmlns:zs="http://www.loc.gov/zing/srw/">
  <zs:version>1.1</zs:version>
  <zs:numberOfRecords>3</zs:numberOfRecords>
  <zs:records>
    <zs:record>
      <zs:recordSchema/>
      <zs:recordPacking>xml</zs:recordPacking>
      <zs:recordData>
        <record xmlns="http://www.loc.gov/MARC21/slim">
          <leader>02487cjcaa22004697a 4500</leader>
          <controlfield tag="001">15826516</controlfield>
          <controlfield tag="005">20180703101435.0</controlfield>
          <controlfield tag="007">sd b||fnn||||b</controlfield>
          <controlfield tag="008">090721i19501951                    gre  </controlfield>
          <datafield tag="906" ind1=" " ind2=" ">
            <subfield code="a">0</subfield>
            <subfield code="b">ibc</subfield>
            <subfield code="c">orignew</subfield>
            <subfield code="d">u</subfield>
            <subfield code="e">ncip</subfield>
            <subfield code="f">20</subfield>
            <subfield code="g">y-folklife</subfield>
          </datafield>
          <datafield tag="955" ind1=" " ind2=" ">
            <subfield code="a">mkru 2009-07-21</subfield>
          </datafield>
          <datafield tag="010" ind1=" " ind2=" ">
            <subfield code="a">  2009655362</subfield>
          </datafield>
          <datafield tag="040" ind1=" " ind2=" ">
            <subfield code="a">DLC</subfield>
            <subfield code="c">DLC</subfield>
            <subfield code="e">dacs</subfield>
            <subfield code="d">DLC</subfield>
          </datafield>
          <datafield tag="041" ind1=" " ind2=" ">
            <subfield code="a">eng</subfield>
            <subfield code="d">gre</subfield>
          </datafield>
          <datafield tag="043" ind1=" " ind2=" ">
            <subfield code="a">e-g---</subfield>
            <subfield code="a">f-ua---</subfield>
          </datafield>
          <datafield tag="090" ind1=" " ind2=" ">
            <subfield code="a">LWO 1619; LWO 5111</subfield>
          </datafield>
          <datafield tag="090" ind1=" " ind2=" ">
            <subfield code="a">AFS 9902-9906</subfield>
          </datafield>
          <datafield tag="090" ind1=" " ind2=" ">
            <subfield code="a">AFC 1950/022</subfield>
          </datafield>
          <datafield tag="245" ind1="0" ind2="0">
            <subfield code="a">Amice Calverley recordings of Cretan and Egyptian music</subfield>
            <subfield code="h">[sound recording].</subfield>
          </datafield>
          <datafield tag="260" ind1=" " ind2=" ">
            <subfield code="c">1950-1951.</subfield>
          </datafield>
          <datafield tag="300" ind1=" " ind2=" ">
            <subfield code="a">5 sound discs :</subfield>
            <subfield code="b">analog, 33 1/3 rpm ;</subfield>
            <subfield code="c">16 in.</subfield>
          </datafield>
          <datafield tag="300" ind1=" " ind2=" ">
            <subfield code="3">manuscripts.</subfield>
            <subfield code="a">1</subfield>
            <subfield code="f">folder</subfield>
          </datafield>
          <datafield tag="500" ind1=" " ind2=" ">
            <subfield code="a">Library of Congress duplication project, 1950; original field recordings were made by Amice Calverley on unspecified dates, circa 1948-1949[?].</subfield>
          </datafield>
          <datafield tag="511" ind1="0" ind2=" ">
            <subfield code="a">Various performers.</subfield>
          </datafield>
          <datafield tag="520" ind1=" " ind2=" ">
            <subfield code="a">Collection of field recordings of Cretan songs and lyra music and of folk music of upper Egypt recorded by Amice Mary Calverley on unspecified dates.  The collection includes correspondence between Amice Calverley and Duncan Emrich at the Library of Congress about these recordings, and Calverley's proposal for funding a two-year field recording and filming project in Greece, 1950-1951 (11 items, 14 leaves).</subfield>
          </datafield>
          <datafield tag="524" ind1="8" ind2=" ">
            <subfield code="a">Amice Calverley Recordings of Cretan and Egyptian Music (AFC 1950/022), Archive of Folk Culture, American Folklife Center, Library of Congress, Washington, D.C.</subfield>
          </datafield>
          <datafield tag="506" ind1="0" ind2=" ">
            <subfield code="a">The collection is open for research; access copies are available in the Folklife Reading Room, Library of Congress.</subfield>
          </datafield>
          <datafield tag="540" ind1=" " ind2=" ">
            <subfield code="a">Duplication of sound recordings may be governed by copyright and other restrictions.</subfield>
          </datafield>
          <datafield tag="541" ind1=" " ind2=" ">
            <subfield code="a">Accessioned,</subfield>
            <subfield code="d">1950.</subfield>
          </datafield>
          <datafield tag="546" ind1=" " ind2=" ">
            <subfield code="a">Sound recordings in Greek, unidentified language(s) in Egypt [?]; correspondence in English.</subfield>
          </datafield>
          <datafield tag="600" ind1="1" ind2="0">
            <subfield code="a">Calverley, Amice Mary,</subfield>
            <subfield code="d">1896-1959</subfield>
            <subfield code="v">Correspondence.</subfield>
          </datafield>
          <datafield tag="650" ind1=" " ind2="0">
            <subfield code="a">Folk music</subfield>
            <subfield code="z">Crete (Greece)</subfield>
          </datafield>
          <datafield tag="650" ind1=" " ind2="0">
            <subfield code="a">Folk songs, Greek (Modern)</subfield>
            <subfield code="z">Crete (Greece)</subfield>
          </datafield>
          <datafield tag="650" ind1=" " ind2="0">
            <subfield code="a">Folk music</subfield>
            <subfield code="z">Egypt.</subfield>
          </datafield>
          <datafield tag="650" ind1=" " ind2="0">
            <subfield code="a">Field recordings</subfield>
            <subfield code="z">Crete (Greece)</subfield>
          </datafield>
          <datafield tag="650" ind1=" " ind2="0">
            <subfield code="a">Field recordings</subfield>
            <subfield code="z">Egypt.</subfield>
          </datafield>
          <datafield tag="650" ind1=" " ind2="0">
            <subfield code="a">Music</subfield>
            <subfield code="z">Crete (Greece)</subfield>
          </datafield>
          <datafield tag="650" ind1=" " ind2="0">
            <subfield code="a">Music</subfield>
            <subfield code="z">Egypt.</subfield>
          </datafield>
          <datafield tag="655" ind1=" " ind2="7">
            <subfield code="a">Field recordings.</subfield>
            <subfield code="2">lcgft</subfield>
          </datafield>
          <datafield tag="700" ind1="1" ind2=" ">
            <subfield code="a">Calverley, Amice Mary,</subfield>
            <subfield code="d">1896-1959,</subfield>
            <subfield code="e">collector.</subfield>
          </datafield>
          <datafield tag="852" ind1=" " ind2=" ">
            <subfield code="a">DLC-AFC</subfield>
            <subfield code="b">Archive of Folk Culture, American Folklife Center,</subfield>
            <subfield code="e">101 Independence Ave. S.E., Washington, DC USA 20540-4610</subfield>
          </datafield>
          <datafield tag="985" ind1=" " ind2=" ">
            <subfield code="a">afc/coll </subfield>
          </datafield>
        </record>
      </zs:recordData>
      <zs:recordPosition>1</zs:recordPosition>
    </zs:record>